@incollection{Lopes_Leal_Dodd_Gro\ss,
author={Lopes, YuriK and Leal, Andr\'eB and Dodd, TonyJ and Gro\ss, Roderich},
isbn={978-3-319-09951-4},
booktitle={Swarm Intelligence},
volume={8667},
series={Lecture Notes in Computer Science},
editor={Dorigo, Marco and Birattari, Mauro and Garnier, Simon and Hamann, Heiko and Montes de Oca, Marco and Solnon, Christine and St\"{u}tzle, Thomas},
doi={10.1007/978-3-319-09952-1_6},
title={Application of Supervisory Control Theory to Swarms of e-puck and Kilobot Robots},
url={http://dx.doi.org/10.1007/978-3-319-09952-1_6},
publisher={Springer International Publishing},
pages={62-73},
language={English},
year={2014}
}

@incollection{Dieudonne_Yoann_Labbani-Igbida_Petit,
author = {Dieudonn\'e, Yoann and Labbani-Igbida, Ouiddad and Petit, Franck},
title={Circle Formation of Weak Mobile Robots},
year={2006},
isbn={978-3-540-49018-0},
booktitle={Stabilization, Safety, and Security of Distributed Systems},
volume={4280},
series={Lecture Notes in Computer Science},
editor={Datta, AjoyK. and Gradinariu, Maria},
doi={10.1007/978-3-540-49823-0_18},
url={http://dx.doi.org/10.1007/978-3-540-49823-0_18},
publisher={Springer Berlin Heidelberg},
pages={262-275},
language={English}
}

@ARTICLE{Suzuki99distributedanonymous,
author = {Ichiro Suzuki and Masafumi Yamashita},
title = {Distributed anonymous mobile robots: Formation of geometric patterns},
journal = {SIAM Journal on Computing},
year = {1999},
volume = {28},
pages = {1347--1363}
}

@article{journals/corr/CornejoN13,
added-at = {2014-01-06T00:00:00.000+0100},
author = {Cornejo, Alejandro and Nagpal, Radhika},
biburl = {http://www.bibsonomy.org/bibtex/2e8668ccf523a250b02a3eafef54291e8/dblp},
ee = {http://arxiv.org/abs/1312.1915},
interhash = {48b4bed46d93fe73bc4cdfc767d4fb06},
intrahash = {e8668ccf523a250b02a3eafef54291e8},
journal = {CoRR},
keywords = {dblp},
timestamp = {2014-01-07T11:34:55.000+0100},
title = {Long-Lived Distributed Relative Localization of Robot Swarms.},
url = {http://dblp.uni-trier.de/db/journals/corr/corr1312.html#CornejoN13},
volume = {abs/1312.1915},
year = {2013}
}
